<record><leader>00000cas a2200000 a 4500</leader><controlfield tag="001">17212567</controlfield><controlfield tag="008">871209d19301976waucr ne      0    0eng d</controlfield><datafield ind1=" " ind2=" " tag="010"><subfield code="a">sn 87093260 </subfield></datafield><datafield ind1=" " ind2=" " tag="040"><subfield code="a">SLZ</subfield><subfield code="b">eng</subfield><subfield code="c">SLZ</subfield><subfield code="d">WAU</subfield><subfield code="d">OCL</subfield><subfield code="d">OCLCQ</subfield><subfield code="d">OCLCF</subfield><subfield code="d">OCLCO</subfield></datafield><datafield ind1="1" ind2=" " tag="029"><subfield code="a">AU@</subfield><subfield code="b">000025785070</subfield></datafield><datafield ind1=" " ind2=" " tag="042"><subfield code="a">msc</subfield></datafield><datafield ind1=" " ind2=" " tag="043"><subfield code="a">n-us-wa</subfield></datafield><datafield ind1="0" ind2="4" tag="245"><subfield code="a">The Bellevue American.</subfield></datafield><datafield ind1=" " ind2=" " tag="260"><subfield code="a">Bellevue, Wash. :</subfield><subfield code="b">Bellevue American</subfield></datafield><datafield ind1=" " ind2=" " tag="300"><subfield code="a">v.</subfield></datafield><datafield ind1=" " ind2=" " tag="310"><subfield code="a">Semiweekly,</subfield><subfield code="b">&lt;Sept. 26, 1974-Dec. 28, 1974&gt;</subfield></datafield><datafield ind1=" " ind2=" " tag="321"><subfield code="a">Weekly</subfield></datafield><datafield ind1="1" ind2=" " tag="362"><subfield code="a">Began in 1930; ceased in 1976.</subfield></datafield><datafield ind1=" " ind2=" " tag="580"><subfield code="a">Merged with: East side journal (Kirkland, Wash.), to form: Daily journal American (Bellevue, Wash.).</subfield></datafield><datafield ind1=" " ind2=" " tag="588"><subfield code="a">Description based on: Vol. 5, no. 33 (Mar. 7, 1935).</subfield></datafield><datafield ind1=" " ind2=" " tag="588"><subfield code="a">Latest issue consulted: Vol. 46, no. 41 (Dec. 28, 1974).</subfield></datafield><datafield ind1=" " ind2="0" tag="651"><subfield code="a">Bellevue (Wash.)</subfield><subfield code="v">Newspapers.</subfield></datafield><datafield ind1=" " ind2="7" tag="655"><subfield code="a">Newspapers.</subfield><subfield code="2">fast</subfield><subfield code="0">(OCoLC)fst01423814</subfield></datafield><datafield ind1=" " ind2="7" tag="651"><subfield code="a">Washington (State)</subfield><subfield code="z">Bellevue.</subfield><subfield code="2">fast</subfield><subfield code="0">(OCoLC)fst01207018</subfield></datafield><datafield ind1=" " ind2=" " tag="752"><subfield code="a">United States</subfield><subfield code="b">Washington</subfield><subfield code="c">King</subfield><subfield code="d">Bellevue.</subfield></datafield><datafield ind1="1" ind2="7" tag="785"><subfield code="t">East Side journal (Kirkland, Wash.)</subfield><subfield code="w">(DLC)sn 87093258</subfield><subfield code="w">(OCoLC)17212555</subfield></datafield><datafield ind1="1" ind2="7" tag="785"><subfield code="t">Daily journal-American (Bellevue, Wash.)</subfield><subfield code="w">(DLC)sn 87093259</subfield><subfield code="w">(OCoLC)17212562</subfield></datafield></record>